
@Misc{flow123d,
author =   {B{\v r}ezina, Jan and Stebel, Jan and Exner, Pavel and Hyb{\v s}, Jan},
title =    {Flow123d},
howpublished = {\url{http://flow123d.github.com}},
year = {2011--2022}
}


@article{flow_pdf_manual,
  title={{F}low123d, version 2.2.1 {U}ser {G}uide and {I}nput {R}eference, repository: https://flow.nti.tul.cz/packages/2.2.1\_release/flow123d\_2.2.1\_doc.pdf},
  author={Březina, Jan and Stebel, Jan and Flanderka, David and Exner, Pavel and Hybš, Jan},
  year={2018},
  publisher={Technical university of Liberec, Faculty of mechatronics, informatics
and interdisciplinary studies}
}



@inproceedings{domesova2021efficient,
  title={Efficient Implementation of the Bayesian Inversion by MCMC with Acceleration of Posterior Sampling Using Surrogate Models},
  author={Domesov{\'a}, Simona and B{\'e}re{\v{s}}, Michal and Blaheta, Radim},
  booktitle={International Conference of the International Association for Computer Methods and Advances in Geomechanics},
  pages={846--853},
  year={2021},
  organization={Springer}
}

@inproceedings{BBDHH2020,
title={Inverse problems for identification of the hydraulic conductivity of rocks, fractures and excavation damage zones (EDZ)},
  author={Blaheta, Radim and B{\'e}re{\v{s}}, Michal and Domesov{\'a}, Simona and Haslinger, Jaroslav and Hor{\'a}k, David},
  booktitle={Sborník konference Geotechnika, Soláň, Září 10-11, 2020},
  year={2020},
  organization={VŠB-TU Ostrava}
}

@article{berevs2020comparison,
  title={A comparison of approaches for the construction of reduced basis for stochastic Galerkin matrix equations},
  author={B{\'e}re{\v{s}}, Michal},
  journal={Applications of Mathematics},
  volume={65},
  pages={191--225},
  year={2020},
  publisher={Springer}
}


@article{Rutqvist2009,
  title = {Modeling of Damage, Permeability Changes and Pressure Responses during Excavation of the {{TSX}} Tunnel in Granitic Rock at {{URL}}, {{Canada}}},
  author = {Rutqvist, Jonny and B{\"o}rgesson, Lennart and Chijimatsu, Masakazu and Hernelind, Jan and Jing, Lanru and Kobayashi, Akira and Nguyen, Son},
  year = {2009},
  month = may,
  volume = {57},
  pages = {1263--1274},
  issn = {1432-0495},
  doi = {10.1007/s00254-008-1515-6},
  journal = {Environmental Geology},
  language = {en},
  number = {6}
}


@article{rutqvist_fractured_2015,
	title = {Fractured rock stress-permeability relationships from in situ data and effects of temperature and chemical-mechanical couplings},
	volume = {15},
	issn = {1468-8123},
	url = {https://onlinelibrary.wiley.com/doi/abs/10.1111/gfl.12089},
	doi = {10.1111/gfl.12089},
	language = {en},
	number = {1-2},
	urldate = {2022-03-22},
	journal = {Geofluids},
	author = {Rutqvist, J.},
	year = {2015},
	note = {\_eprint: https://onlinelibrary.wiley.com/doi/pdf/10.1111/gfl.12089},
	keywords = {chemical and mechanical coupling, fractured rock, in situ experiments, permeabilty and stress, temperature},
	pages = {48--66},
}


@article{chandler_five_2002,
	title = {The five year report of the {Tunnel} {Sealing} {Experiment}: an international project of {AECL}, {JNC}, {ANDRA} and {WIPP}},
	shorttitle = {The five year report of the {Tunnel} {Sealing} {Experiment}},
	url = {https://www.osti.gov/etdeweb/biblio/21313951},
	urldate = {2021-01-21},
	author = {Chandler, N. A. and Cournut, A. and Dixon, D.},
	month = jul,
	year = {2002}
}







